<?xml version="1.0" encoding="UTF-8"?><collection xmlns="http://www.loc.gov/MARC21/slim"><record><leader>00468nam--2200145-i-4500</leader><controlfield tag="001">000031198</controlfield><controlfield tag="002">20161230</controlfield><controlfield tag="005">20161230201038</controlfield><controlfield tag="008">060222s1000------------r-----000-0-eng-d</controlfield><datafield ind1=" " ind2=" " tag="080"><subfield code="a">539.144.6(016):539.184.2(016)</subfield></datafield><datafield ind1=" " ind2=" " tag="100"><subfield code="a">Miles, B.M. And Wiese, W.L</subfield></datafield><datafield ind1=" " ind2=" " tag="245"><subfield code="a">Bibliography on atomic transition probabilities. january 1916 through june 1969</subfield></datafield><datafield ind1=" " ind2=" " tag="260"><subfield code="a">Washington, Nat.Bureau Of Standards, 1970. Vii + 104p</subfield></datafield><datafield ind1=" " ind2=" " tag="490"><subfield code="a">Nbs Special Publications</subfield></datafield><datafield ind1=" " ind2=" " tag="852"><subfield code="a">D.1247</subfield></datafield></record></collection>